<?xml version="1.0" encoding="UTF-8"?><record xmlns="http://www.loc.gov/MARC21/slim" xmlns:cinclude="http://apache.org/cocoon/include/1.0" xmlns:zs="http://www.loc.gov/zing/srw/">
  <leader>00372nz  a2200133n  4500</leader>
  <controlfield tag="001">nr 94012981 </controlfield>
  <controlfield tag="003">DLC</controlfield>
  <controlfield tag="005">19940421063124.7</controlfield>
  <controlfield tag="008">940419n| acannaab|          |n aaa     c</controlfield>
  <datafield tag="010" ind1=" " ind2=" ">
    <subfield code="a">nr 94012981 </subfield>
  </datafield>
  <datafield tag="040" ind1=" " ind2=" ">
    <subfield code="a">NjP</subfield>
    <subfield code="c">NjP</subfield>
  </datafield>
  <datafield tag="100" ind1="1" ind2="0">
    <subfield code="a">Hochmuth, Karl,</subfield>
    <subfield code="d">1919-</subfield>
  </datafield>
  <datafield tag="670" ind1=" " ind2=" ">
    <subfield code="a">His Das Loch, c1992:</subfield>
    <subfield code="b">t.p. (Karl Hochmuth)</subfield>
  </datafield>
  <datafield tag="670" ind1=" " ind2=" ">
    <subfield code="a">LC in RLIN, 4-14-94</subfield>
    <subfield code="b">(MLC hdg.: Hochmuth, Karl, 1919-)</subfield>
  </datafield>
</record>